<collection xmlns="http://www.loc.gov/MARC21/slim">
<record>
  <leader>01956nam0a2200325 i 450 </leader>
  <controlfield tag="001">IT\ICCU\CNCE\017934</controlfield>
  <controlfield tag="005">20030922000000.0</controlfield>
  <datafield tag="012" ind1=" " ind2=" ">
    <subfield code="a">i.de 0128 iea- d&apos;gn (3) 1593 (R)</subfield>
    <subfield code="2">fei</subfield>
  </datafield>
  <datafield tag="100" ind1=" " ind2=" ">
    <subfield code="a">19970101d1593        0itac0103    ba</subfield>
  </datafield>
  <datafield tag="101" ind1=" " ind2=" ">
    <subfield code="a">ITA</subfield>
  </datafield>
  <datafield tag="102" ind1=" " ind2=" ">
    <subfield code="a">IT</subfield>
  </datafield>
  <datafield tag="200" ind1="1" ind2=" ">
    <subfield code="a">℗Il ℗tesoro della sanit,̉ di Castor Durante da Gualdo, medico, &amp; cittadino romano. Nel quale s&apos;insegna il modo di conseruar la sanit,̉ et prolungar la vita. &amp; si tratta della natura de&apos; cibi, &amp; de&apos; rimedij de&apos; nocumenti loro. Con la tauola delle cose notabili</subfield>
  </datafield>
  <datafield tag="210" ind1=" " ind2=" ">
    <subfield code="a">In Venetia</subfield>
    <subfield code="c">appresso Paulo Vgolino</subfield>
    <subfield code="d">1593</subfield>
  </datafield>
  <datafield tag="215" ind1=" " ind2=" ">
    <subfield code="a">\16!, 323, \1! p.</subfield>
    <subfield code="d">8ʻ</subfield>
  </datafield>
  <datafield tag="620" ind1=" " ind2=" ">
    <subfield code="a">IT</subfield>
    <subfield code="d">Venezia</subfield>
  </datafield>
  <datafield tag="700" ind1=" " ind2="1">
    <subfield code="a">Durante,</subfield>
    <subfield code="b">Castore</subfield>
    <subfield code="3">IT\ICCU\CNCA\004978</subfield>
  </datafield>
  <datafield tag="712" ind1="0" ind2="0">
    <subfield code="a">Ugolino, Paolo</subfield>
    <subfield code="3">IT\ICCU\CNCT\000360</subfield>
    <subfield code="4">650</subfield>
  </datafield>
  <datafield tag="790" ind1=" " ind2="1">
    <subfield code="a">Durantes,</subfield>
    <subfield code="b">Castor</subfield>
    <subfield code="3">IT\ICCU\CNCA\026036</subfield>
    <subfield code="z">Durante, Castore</subfield>
  </datafield>
  <datafield tag="791" ind1="0" ind2="0">
    <subfield code="a">Ugolinus, Paulus</subfield>
    <subfield code="3">IT\ICCU\CNCT\005615</subfield>
    <subfield code="z">Ugolino, Paolo</subfield>
  </datafield>
  <datafield tag="791" ind1="0" ind2="0">
    <subfield code="a">Ugolini, Paolo</subfield>
    <subfield code="3">IT\ICCU\CNCT\005616</subfield>
    <subfield code="z">Ugolino, Paolo</subfield>
  </datafield>
  <datafield tag="801" ind1=" " ind2="3">
    <subfield code="a">IT</subfield>
    <subfield code="b">ICCU</subfield>
    <subfield code="c">20201114</subfield>
  </datafield>
  <datafield tag="899" ind1=" " ind2=" ">
    <subfield code="a">Biblioteca comunale Luciano Benincasa. Ancona</subfield>
    <subfield code="1">AN0001</subfield>
    <subfield code="2">URB BA</subfield>
  </datafield>
  <datafield tag="899" ind1=" " ind2=" ">
    <subfield code="a">Biblioteca provinciale dei frati minori cappuccini Madonna di Pompei. Messina</subfield>
    <subfield code="z">MUTILO</subfield>
    <subfield code="1">ME0179</subfield>
    <subfield code="2">MES FC</subfield>
  </datafield>
  <datafield tag="899" ind1=" " ind2=" ">
    <subfield code="a">Biblioteca francescano-cappuccina provinciale. Milano</subfield>
    <subfield code="1">MI0183</subfield>
    <subfield code="2">ZMI 51</subfield>
  </datafield>
  <datafield tag="899" ind1=" " ind2=" ">
    <subfield code="a">Biblioteca Estense Universitaria. Modena</subfield>
    <subfield code="z">MUTILO</subfield>
    <subfield code="1">MO0089</subfield>
    <subfield code="2">MOD BE</subfield>
  </datafield>
  <datafield tag="899" ind1=" " ind2=" ">
    <subfield code="a">Biblioteca del Monumento nazionale di Praglia. Teolo</subfield>
    <subfield code="1">PD0206</subfield>
    <subfield code="2">PUV 24</subfield>
  </datafield>
  <datafield tag="899" ind1=" " ind2=" ">
    <subfield code="a">Collezione privata L. Serego Alighieri. Castel del Piano Umbro</subfield>
    <subfield code="1">PG0388</subfield>
    <subfield code="2">ZPG 42</subfield>
  </datafield>
  <datafield tag="899" ind1=" " ind2=" ">
    <subfield code="a">Biblioteca Oliveriana. Pesaro</subfield>
    <subfield code="1">PU0061</subfield>
    <subfield code="2">URB OL</subfield>
  </datafield>
  <datafield tag="911" ind1=" " ind2=" ">
    <subfield code="a">Sul front.</subfield>
    <subfield code="9">IT\ICCU\CNCM\000006</subfield>
  </datafield>
  <datafield tag="921" ind1=" " ind2=" ">
    <subfield code="a">IT\ICCU\CNCM\000006</subfield>
    <subfield code="b">David con la spada di Golia sulla spalla destra e la testa del gigante penzolante dalla mano sinistra. In cornice figurata</subfield>
    <subfield code="e">Cos volendo Iddio segue ogni bene</subfield>
    <subfield code="c">V495</subfield>
    <subfield code="c">Z435</subfield>
    <subfield code="d">Dimensione dell&apos;ovale: 2,5 x 3. Con o senza la cornice esterna</subfield>
    <subfield code="f">DAVID</subfield>
    <subfield code="f">GOLIA</subfield>
    <subfield code="f">SPADA</subfield>
    <subfield code="f">TESTA</subfield>
    <subfield code="g">1591-1597</subfield>
  </datafield>
</record>
</collection>
